<?xml version="1.0" encoding="UTF-8"?><record xmlns="http://www.loc.gov/MARC21/slim" xmlns:cinclude="http://apache.org/cocoon/include/1.0" xmlns:zs="http://www.loc.gov/zing/srw/">
  <leader>01172cz  a2200193n  4500</leader>
  <controlfield tag="001">n  85188366 </controlfield>
  <controlfield tag="003">DLC</controlfield>
  <controlfield tag="005">20120808082309.0</controlfield>
  <controlfield tag="008">870902n| acannaab           |a ana      </controlfield>
  <datafield tag="010" ind1=" " ind2=" ">
    <subfield code="a">n  85188366 </subfield>
    <subfield code="z">n  85188368 </subfield>
  </datafield>
  <datafield tag="040" ind1=" " ind2=" ">
    <subfield code="a">DLC</subfield>
    <subfield code="b">eng</subfield>
    <subfield code="c">DLC</subfield>
    <subfield code="d">DLC</subfield>
    <subfield code="d">NjP</subfield>
    <subfield code="d">DLC-S</subfield>
    <subfield code="d">DLC</subfield>
    <subfield code="d">NjP</subfield>
    <subfield code="d">MCM</subfield>
    <subfield code="d">DLC</subfield>
  </datafield>
  <datafield tag="111" ind1="2" ind2=" ">
    <subfield code="a">Symposium on Frequency Control</subfield>
  </datafield>
  <datafield tag="411" ind1="2" ind2=" ">
    <subfield code="a">Frequency Control Symposium</subfield>
  </datafield>
  <datafield tag="411" ind1="2" ind2=" ">
    <subfield code="a">Frequency Control, Symposium on</subfield>
  </datafield>
  <datafield tag="411" ind1="2" ind2=" ">
    <subfield code="a">Frequency Symposium</subfield>
  </datafield>
  <datafield tag="511" ind1="2" ind2=" ">
    <subfield code="w">b</subfield>
    <subfield code="a">IEEE Frequency Control Symposium</subfield>
  </datafield>
  <datafield tag="667" ind1=" " ind2=" ">
    <subfield code="a">THIS 1XX FIELD CANNOT BE USED UNDER RDA UNTIL THIS RECORD HAS BEEN REVIEWED AND/OR UPDATED</subfield>
  </datafield>
  <datafield tag="670" ind1=" " ind2=" ">
    <subfield code="a">Proceedings of the ... Annual Symposium on Frequency Control, 1991; Proceedings of the ... Annual Fequency Control Symposium, 1988: cover (Symposium on Frequency Control); Proceedings of the Annual Frequency Symposium, 1987: cover (Symposium on Frequency Control); Proceedings of the ... Annual Frequency Control Symposium, 1971: cover (Symposium on Frequency Control); Proceedings of the ... Annual Symposium on Frequency Control, 7-8-9 May 1957.</subfield>
  </datafield>
  <datafield tag="675" ind1=" " ind2=" ">
    <subfield code="a">IEEE Frequency Control Symposium. Proceedings of ... 1992: t.p. (IEEE Frequency Control Symposium)</subfield>
  </datafield>
</record>